{
  "leader": "03421cam a22005171i 4500",
  "fields": [
    {
      "001": "ocm01389368\\"
    },
    {
      "003": "OCoLC"
    },
    {
      "005": "20221209153112.0"
    },
    {
      "008": "810622s1957\\\\\\\\nyua\\\\\\\\\\b\\\\\\\\000\\0\\eng\\\\"
    },
    {
      "010": {
        "ind1": "\\",
        "ind2": "\\",
        "subfields": [
          {
            "a": "   57012878 "
          }
        ]
      }
    },
    {
      "016": {
        "ind1": "7",
        "ind2": "\\",
        "subfields": [
          {
            "a": "02020880R"
          },
          {
            "2": "DNLM"
          }
        ]
      }
    },
    {
      "019": {
        "ind1": "\\",
        "ind2": "\\",
        "subfields": [
          {
            "a": "977504486"
          }
        ]
      }
    },
    {
      "035": {
        "ind1": "\\",
        "ind2": "\\",
        "subfields": [
          {
            "a": "(OCoLC)1389368"
          },
          {
            "z": "(OCoLC)977504486"
          }
        ]
      }
    },
    {
      "040": {
        "ind1": "\\",
        "ind2": "\\",
        "subfields": [
          {
            "a": "NLM"
          },
          {
            "b": "eng"
          },
          {
            "c": "NLM"
          },
          {
            "d": "CGU"
          },
          {
            "d": "DLC"
          },
          {
            "d": "DMJ"
          },
          {
            "d": "UBA"
          },
          {
            "d": "MUQ"
          },
          {
            "d": "BTCTA"
          },
          {
            "d": "LAS"
          },
          {
            "d": "DEBBG"
          },
          {
            "d": "OCLCF"
          },
          {
            "d": "OCLCQ"
          },
          {
            "d": "OCLCO"
          },
          {
            "d": "OCLCQ"
          },
          {
            "d": "OCLCO"
          },
          {
            "d": "NLM"
          },
          {
            "d": "OCLCO"
          },
          {
            "d": "OCLCA"
          },
          {
            "d": "CPO"
          },
          {
            "d": "OCLCO"
          },
          {
            "d": "OCLCA"
          },
          {
            "d": "IL4J6"
          },
          {
            "d": "OCLCO"
          },
          {
            "d": "OCL"
          },
          {
            "d": "NKM"
          }
        ]
      }
    },
    {
      "050": {
        "ind1": "0",
        "ind2": "0",
        "subfields": [
          {
            "a": "RC455"
          },
          {
            "b": ".L43"
          }
        ]
      }
    },
    {
      "060": {
        "ind1": "0",
        "ind2": "0",
        "subfields": [
          {
            "a": "HM 251"
          },
          {
            "b": "L529e 1957"
          }
        ]
      }
    },
    {
      "082": {
        "ind1": "0",
        "ind2": "0",
        "subfields": [
          {
            "a": "616.89"
          },
          {
            "b": "EXP"
          }
        ]
      }
    },
    {
      "245": {
        "ind1": "1",
        "ind2": "0",
        "subfields": [
          {
            "a": "Explorations in social psychiatry /"
          },
          {
            "c": "edited by Alexander H. Leighton, John A. Clausen [and] Robert N. Wilson."
          }
        ]
      }
    },
    {
      "260": {
        "ind1": "\\",
        "ind2": "\\",
        "subfields": [
          {
            "a": "New York :"
          },
          {
            "b": "Basic Books,"
          },
          {
            "c": "[\u00a91957]"
          }
        ]
      }
    },
    {
      "300": {
        "ind1": "\\",
        "ind2": "\\",
        "subfields": [
          {
            "a": "x, 452 pages :"
          },
          {
            "b": "illustrations ;"
          },
          {
            "c": "24 cm"
          }
        ]
      }
    },
    {
      "336": {
        "ind1": "\\",
        "ind2": "\\",
        "subfields": [
          {
            "a": "text"
          },
          {
            "b": "txt"
          },
          {
            "2": "rdacontent"
          }
        ]
      }
    },
    {
      "337": {
        "ind1": "\\",
        "ind2": "\\",
        "subfields": [
          {
            "a": "unmediated"
          },
          {
            "b": "n"
          },
          {
            "2": "rdamedia"
          }
        ]
      }
    },
    {
      "338": {
        "ind1": "\\",
        "ind2": "\\",
        "subfields": [
          {
            "a": "volume"
          },
          {
            "b": "nc"
          },
          {
            "2": "rdacarrier"
          }
        ]
      }
    },
    {
      "500": {
        "ind1": "\\",
        "ind2": "\\",
        "subfields": [
          {
            "a": "Issued by the editorial subcommittee of the Committee on Research in Psychiatry and the Social Sciences of the Social Science Research Council."
          }
        ]
      }
    },
    {
      "504": {
        "ind1": "\\",
        "ind2": "\\",
        "subfields": [
          {
            "a": "Includes bibliographical references (pages 407-431)."
          }
        ]
      }
    },
    {
      "505": {
        "ind1": "0",
        "ind2": "0",
        "subfields": [
          {
            "g": "Introduction : Some key issues in social psychiatry ;"
          },
          {
            "g": "Orientation /"
          },
          {
            "r": "Alexander H. Leighton, John A. Clausen, and Robert N. Wilson --"
          },
          {
            "g": "Part I. The mentally ill individual --"
          },
          {
            "t": "Paranoid patterns /"
          },
          {
            "r": "James S. Tyhurst --"
          },
          {
            "t": "Social forces and the neurotic process /"
          },
          {
            "r": "Lawrence S. Kubie --"
          },
          {
            "t": "Health and the social environment : experimental investigations /"
          },
          {
            "r": "Lawrence E. Hinkle, Jr. and Harold G. Wolff --"
          },
          {
            "t": "The concept of health in psychiatry /"
          },
          {
            "r": "F.C. Redlich --"
          },
          {
            "g": "Part II. Shared mental illness --"
          },
          {
            "t": "Neurotic patterns in the family /"
          },
          {
            "r": "E.J. Cleveland and W.D. Longaker --"
          },
          {
            "t": "Socially shared psychopathology /"
          },
          {
            "r": "Ernest M. Gruenberg --"
          },
          {
            "t": "Social patterns, personality, and adolescent drug use /"
          },
          {
            "r": "John A. Clausen --"
          },
          {
            "g": "Part III. Mental illness and society --"
          },
          {
            "t": "Bereavement and mental health /"
          },
          {
            "r": "Edmund H. Volkart in collaboration with Stanley T. Michael --"
          },
          {
            "t": "Three social variables and the occurrence of mental disorder /"
          },
          {
            "r": "Eleanor Leacock --"
          },
          {
            "t": "The impact of mental disease on society /"
          },
          {
            "r": "Ernest M. Gruenberg and Seymour S. Bellin --"
          },
          {
            "t": "The psychiatric clinic as a community innovation /"
          },
          {
            "r": "Alexander H. Leighton and Alice Longaker --"
          },
          {
            "g": "Some issues reexamined /"
          },
          {
            "r": "Alexander H. Leighton, John A. Clausen, Robert N. Wilson."
          }
        ]
      }
    },
    {
      "650": {
        "ind1": "\\",
        "ind2": "0",
        "subfields": [
          {
            "a": "Social psychiatry."
          }
        ]
      }
    },
    {
      "650": {
        "ind1": "\\",
        "ind2": "0",
        "subfields": [
          {
            "a": "Mental illness."
          }
        ]
      }
    },
    {
      "650": {
        "ind1": "\\",
        "ind2": "0",
        "subfields": [
          {
            "a": "Social psychology."
          }
        ]
      }
    },
    {
      "650": {
        "ind1": "\\",
        "ind2": "0",
        "subfields": [
          {
            "a": "Psychology, Pathological."
          }
        ]
      }
    },
    {
      "650": {
        "ind1": "\\",
        "ind2": "0",
        "subfields": [
          {
            "a": "Insanity (Law)"
          }
        ]
      }
    },
    {
      "650": {
        "ind1": "\\",
        "ind2": "2",
        "subfields": [
          {
            "a": "Mental Disorders"
          }
        ]
      }
    },
    {
      "650": {
        "ind1": "\\",
        "ind2": "2",
        "subfields": [
          {
            "a": "Psychology, Social"
          }
        ]
      }
    },
    {
      "650": {
        "ind1": "\\",
        "ind2": "2",
        "subfields": [
          {
            "a": "Community Psychiatry"
          }
        ]
      }
    },
    {
      "650": {
        "ind1": "\\",
        "ind2": "2",
        "subfields": [
          {
            "a": "Psychopathology"
          }
        ]
      }
    },
    {
      "650": {
        "ind1": "\\",
        "ind2": "7",
        "subfields": [
          {
            "a": "Social psychology."
          },
          {
            "2": "fast"
          },
          {
            "0": "(OCoLC)fst01122816"
          }
        ]
      }
    },
    {
      "650": {
        "ind1": "\\",
        "ind2": "7",
        "subfields": [
          {
            "a": "Psychology, Pathological."
          },
          {
            "2": "fast"
          },
          {
            "0": "(OCoLC)fst01081609"
          }
        ]
      }
    },
    {
      "650": {
        "ind1": "\\",
        "ind2": "7",
        "subfields": [
          {
            "a": "Mental illness."
          },
          {
            "2": "fast"
          },
          {
            "0": "(OCoLC)fst01016547"
          }
        ]
      }
    },
    {
      "650": {
        "ind1": "\\",
        "ind2": "7",
        "subfields": [
          {
            "a": "Insanity (Law)"
          },
          {
            "2": "fast"
          },
          {
            "0": "(OCoLC)fst01715759"
          }
        ]
      }
    },
    {
      "650": {
        "ind1": "\\",
        "ind2": "7",
        "subfields": [
          {
            "a": "Social psychiatry."
          },
          {
            "2": "fast"
          },
          {
            "0": "(OCoLC)fst01122811"
          }
        ]
      }
    },
    {
      "700": {
        "ind1": "1",
        "ind2": "\\",
        "subfields": [
          {
            "a": "Leighton, Alexander H."
          },
          {
            "q": "(Alexander Hamilton),"
          },
          {
            "d": "1908-2007."
          }
        ]
      }
    },
    {
      "710": {
        "ind1": "2",
        "ind2": "\\",
        "subfields": [
          {
            "a": "Social Science Research Council."
          },
          {
            "b": "Committee on Research in Psychiatry and the Social Sciences."
          }
        ]
      }
    },
    {
      "776": {
        "ind1": "0",
        "ind2": "8",
        "subfields": [
          {
            "i": "Online version:"
          },
          {
            "a": "Leighton, Alexander H. (Alexander Hamilton), 1908-2007."
          },
          {
            "t": "Explorations in social psychiatry."
          },
          {
            "d": "New York, Basic Books [\u00a91957]"
          },
          {
            "w": "(OCoLC)630688508"
          }
        ]
      }
    },
    {
      "948": {
        "ind1": "\\",
        "ind2": "\\",
        "subfields": [
          {
            "h": "NO HOLDINGS IN NYRVC - 354 OTHER HOLDINGS"
          }
        ]
      }
    },
    {
      "994": {
        "ind1": "\\",
        "ind2": "\\",
        "subfields": [
          {
            "a": "Z0"
          },
          {
            "b": "NYRVC"
          }
        ]
      }
    },
    {
      "999": {
        "ind1": "\\",
        "ind2": "\\",
        "subfields": [
          {
            "a": "00000000013426"
          }
        ]
      }
    }
  ]
}